<?xml version="1.0" encoding="UTF-8"?><collection xmlns="http://www.loc.gov/MARC21/slim"><record><leader>00462nam--2200169-i-4500</leader><controlfield tag="001">000001267</controlfield><controlfield tag="002">20161230</controlfield><controlfield tag="005">20170128150015</controlfield><controlfield tag="008">060222s1000------------r-----000-0-eng-d</controlfield><datafield ind1=" " ind2=" " tag="100"><subfield code="a">Giustina, G</subfield></datafield><datafield ind1=" " ind2=" " tag="245"><subfield code="a">Carbon dioxide fixation in some components of growing rat red cells</subfield></datafield><datafield ind1=" " ind2=" " tag="260"><subfield code="a">Milano</subfield><subfield code="b">Inst.Di Fisica Sper.Del Politecn</subfield></datafield><datafield ind1=" " ind2=" " tag="300"><subfield code="a">2 p</subfield></datafield><datafield ind1=" " ind2=" " tag="490"><subfield code="a">Estratto Da: Nature</subfield></datafield><datafield ind1=" " ind2=" " tag="700"><subfield code="a">Lazzarini, E</subfield></datafield><datafield ind1=" " ind2=" " tag="852"><subfield code="a">5999</subfield></datafield><datafield ind1=" " ind2=" " tag="CAT"><subfield code="a">SYS</subfield><subfield code="c">20170128</subfield><subfield code="h">150015</subfield></datafield></record></collection>